%   ---   articles   ---   %
@article{harrison,
  author   = {Reid Harrison},
  title    = {A Low-Power, Low-Noise CMOS Amplifier for Neural Recording Applications},
  journal  = {IEEE Journal of Solid-State Circuits},
  volume   = {38},
  number   = {6},
  pages    = {958-965},
  year     = {2003},
  doi      = {10.1109/JSSC.2003.811979},
}

@article{hossein,
  author   = {Hossein Kassiri},
  title    = {Low-Distortion super-GOhm subthreshold-MOS resistors for CMOS neural amplifiers},
  journal  = {IEEE Biomedical Circuits and Systems Conference (BioCAS)},
  year     = {2013},
  doi      = {10.1109/BioCAS.2013.6679691},
}

%   ---    books    ---   %

@book{dirac,
  title     = {The Principles of Quantum Mechanics},
  author    = {Paul Adrien Maurice Dirac},
  isbn      = {9780198520115},
  series    = {International series of monographs on physics},
  year      = {1981},
  publisher = {Clarendon Press},
  keywords  = {physics}
}

%-------------------------------------------------------------------
%                       Miscellaneous
%-------------------------------------------------------------------
@misc{Author,
  author       = {Kasper Holck},
  title        = {Engineer},
  year         = {2024},
  howpublished = {},
  note         = {Author of Large Latex Document Template},
}

%-------------------------------------------------------------------
%                       Videos
%-------------------------------------------------------------------
@video{video1,
  key     = {video1},
  author  = {Author},
  title   = {Title},
  year    = {2023},
  annote  = {},
  comment = {},
  url     = {https://www.youtube.com/watch?v=dQw4w9WgXcQ}
}

%-------------------------------------------------------------------
%                       Websites
%-------------------------------------------------------------------
@web{topsoe,
  key     = {topsoe},
  author  = {Haldor Topsoe},
  title   = {Sustainability now},
  year    = {2023},
  annote  = {},
  comment = {},
  url     = {https://www.topsoe.com/sustainability-now/tangible-commitments}
}